@misc{staiger1994instrumental,
  title={Instrumental variables regression with weak instruments},
  author={Staiger, Douglas O and Stock, James H},
  year={1994},
  publisher={National Bureau of Economic Research Cambridge, Mass., USA}
}

@article{lewbel2012using,
  title={Using heteroscedasticity to identify and estimate mismeasured and endogenous regressor models},
  author={Lewbel, Arthur},
  journal={Journal of Business \& Economic Statistics},
  volume={30},
  number={1},
  pages={67--80},
  year={2012},
  publisher={Taylor \& Francis}
}